preamble{
   "\def\cprime{$'$} "
}

@article {cashenmacura11,
    AUTHOR = {Cashen, Christopher H. and Macura, Nata{\v{s}}a},
     TITLE = {Line patterns in free groups},
   JOURNAL = {Geom. Topol.},
  FJOURNAL = {Geometry \& Topology},
    VOLUME = {15},
      YEAR = {2011},
    NUMBER = {3},
     PAGES = {1419--1475},
      ISSN = {1465-3060},
   MRCLASS = {20F65 (20E05)},
  MRNUMBER = {2825316},
MRREVIEWER = {Vitaly A. Roman{\cprime}kov},
       DOI = {10.2140/gt.2011.15.1419},
       URL = {http://dx.doi.org/10.2140/gt.2011.15.1419},
}

@article {cassonjungreis94,
    AUTHOR = {Casson, Andrew and Jungreis, Douglas},
     TITLE = {Convergence groups and {S}eifert fibered {$3$}-manifolds},
   JOURNAL = {Invent. Math.},
  FJOURNAL = {Inventiones Mathematicae},
    VOLUME = {118},
      YEAR = {1994},
    NUMBER = {3},
     PAGES = {441--456},
      ISSN = {0020-9910},
     CODEN = {INVMBH},
   MRCLASS = {57M50 (57M60 57N10)},
  MRNUMBER = {1296353},
MRREVIEWER = {G. Peter Scott},
       DOI = {10.1007/BF01231540},
       URL = {http://dx.doi.org/10.1007/BF01231540},
}

@article {dahmanigroves08a,
    AUTHOR = {Dahmani, Fran{\c{c}}ois and Groves, Daniel},
     TITLE = {Detecting free splittings in relatively hyperbolic groups},
   JOURNAL = {Trans. Amer. Math. Soc.},
  FJOURNAL = {Transactions of the American Mathematical Society},
    VOLUME = {360},
      YEAR = {2008},
    NUMBER = {12},
     PAGES = {6303--6318},
      ISSN = {0002-9947},
     CODEN = {TAMTAM},
   MRCLASS = {20F67 (20F10 20F65)},
  MRNUMBER = {2434288},
MRREVIEWER = {Ilya Kapovich},
       DOI = {10.1090/S0002-9947-08-04486-3},
       URL = {http://dx.doi.org/10.1090/S0002-9947-08-04486-3},
}

@article {dahmanigroves08b,
    AUTHOR = {Dahmani, Fran{\c{c}}ois and Groves, Daniel},
     TITLE = {The isomorphism problem for toral relatively hyperbolic
              groups},
   JOURNAL = {Publ. Math. Inst. Hautes \'Etudes Sci.},
  FJOURNAL = {Publications Math\'ematiques. Institut de Hautes \'Etudes
              Scientifiques},
    NUMBER = {107},
      YEAR = {2008},
     PAGES = {211--290},
      ISSN = {0073-8301},
   MRCLASS = {20F67 (20F10 20F65 57M50)},
  MRNUMBER = {2434694},
MRREVIEWER = {Michel Coornaert},
       DOI = {10.1007/s10240-008-0014-3},
       URL = {http://dx.doi.org/10.1007/s10240-008-0014-3},
}

@article {dahmani08,
    AUTHOR = {Dahmani, Fran{\c{c}}ois},
     TITLE = {Finding relative hyperbolic structures},
   JOURNAL = {Bull. Lond. Math. Soc.},
  FJOURNAL = {Bulletin of the London Mathematical Society},
    VOLUME = {40},
      YEAR = {2008},
    NUMBER = {3},
     PAGES = {395--404},
      ISSN = {0024-6093},
   MRCLASS = {20F67 (20F10)},
  MRNUMBER = {2418795},
       DOI = {10.1112/blms/bdn018},
       URL = {http://dx.doi.org/10.1112/blms/bdn018},
}

@article {gabai92,
    AUTHOR = {Gabai, David},
     TITLE = {Convergence groups are {F}uchsian groups},
   JOURNAL = {Ann. of Math. (2)},
  FJOURNAL = {Annals of Mathematics. Second Series},
    VOLUME = {136},
      YEAR = {1992},
    NUMBER = {3},
     PAGES = {447--510},
      ISSN = {0003-486X},
     CODEN = {ANMAAH},
   MRCLASS = {20H10 (57M07)},
  MRNUMBER = {1189862},
MRREVIEWER = {Alan W. Reid},
       DOI = {10.2307/2946597},
       URL = {http://dx.doi.org/10.2307/2946597},
}

@article {manning10,
    AUTHOR = {Manning, Jason Fox},
     TITLE = {Virtually geometric words and {W}hitehead's algorithm},
   JOURNAL = {Math. Res. Lett.},
  FJOURNAL = {Mathematical Research Letters},
    VOLUME = {17},
      YEAR = {2010},
    NUMBER = {5},
     PAGES = {917--925},
      ISSN = {1073-2780},
   MRCLASS = {20F65 (20E05)},
  MRNUMBER = {2727618},
MRREVIEWER = {Laura I. Ciobanu},
       DOI = {10.4310/MRL.2010.v17.n5.a9},
       URL = {http://dx.doi.org/10.4310/MRL.2010.v17.n5.a9},
}

@article {otal92,
    AUTHOR = {Otal, Jean-Pierre},
     TITLE = {Certaines relations d'\'equivalence sur l'ensemble des bouts
              d'un groupe libre},
   JOURNAL = {J. London Math. Soc. (2)},
  FJOURNAL = {Journal of the London Mathematical Society. Second Series},
    VOLUME = {46},
      YEAR = {1992},
    NUMBER = {1},
     PAGES = {123--139},
      ISSN = {0024-6107},
     CODEN = {JLMSAK},
   MRCLASS = {20F34},
  MRNUMBER = {1180888},
MRREVIEWER = {Julian Petresco},
       DOI = {10.1112/jlms/s2-46.1.123},
       URL = {http://dx.doi.org/10.1112/jlms/s2-46.1.123},
}

@article {scott83,
    AUTHOR = {Scott, Peter},
     TITLE = {The geometries of {$3$}-manifolds},
   JOURNAL = {Bull. London Math. Soc.},
  FJOURNAL = {The Bulletin of the London Mathematical Society},
    VOLUME = {15},
      YEAR = {1983},
    NUMBER = {5},
     PAGES = {401--487},
      ISSN = {0024-6093},
   MRCLASS = {57N10 (22E10 53C20)},
  MRNUMBER = {705527},
MRREVIEWER = {John Hempel},
       DOI = {10.1112/blms/15.5.401},
       URL = {http://dx.doi.org/10.1112/blms/15.5.401},
}

@article {tukia88,
    AUTHOR = {Tukia, Pekka},
     TITLE = {Homeomorphic conjugates of {F}uchsian groups},
   JOURNAL = {J. Reine Angew. Math.},
  FJOURNAL = {Journal f\"ur die Reine und Angewandte Mathematik},
    VOLUME = {391},
      YEAR = {1988},
     PAGES = {1--54},
      ISSN = {0075-4102},
     CODEN = {JRMAA8},
   MRCLASS = {30C60 (11F06 30F35 57S05)},
  MRNUMBER = {961162},
MRREVIEWER = {Gaven J. Martin},
       DOI = {10.1515/crll.1988.391.1},
       URL = {http://dx.doi.org/10.1515/crll.1988.391.1},
}

@unpublished{pawlik15,
    author = {Pawlik, D.},
     title = {Gromov boundaries as Markov compacta},
      note = {arXiv:1503.04577},
      year = {2015},
     month = {March}
}

@unpublished{gerasimov,
    author = {Gerasimov, V.},
     title = {Detecting connectedness of the boundary of a hyperbolic group},
      note = {Unpublished}
}

@misc{bestvina,
author="Bestvina, M.",
title="Questions in geometric group theory"
}

@incollection {papasoglu94,
    AUTHOR = {Papasoglu, P.},
     TITLE = {An algorithm detecting hyperbolicity},
 BOOKTITLE = {Geometric and computational perspectives on infinite groups
              ({M}inneapolis, {MN} and {N}ew {B}runswick, {NJ}, 1994)},
    SERIES = {DIMACS Ser. Discrete Math. Theoret. Comput. Sci.},
    VOLUME = {25},
     PAGES = {193--200},
 PUBLISHER = {Amer. Math. Soc., Providence, RI},
      YEAR = {1996},
   MRCLASS = {20F32 (20F10)},
  MRNUMBER = {1364185},
MRREVIEWER = {Nadia Benakli},
}

@article {guirardellevitt16,
   author = {{Guirardel}, V. and {Levitt}, G.},
    title = "{JSJ decompositions of groups}",
  journal = {ArXiv e-prints},
archivePrefix = "arXiv",
   eprint = {1602.05139},
 primaryClass = "math.GR",
 keywords = {Mathematics - Group Theory, Mathematics - Geometric Topology, 20E08, 20E34, 20F65, 57M07, 20E06},
     year = 2016,
    month = feb,
   adsurl = {http://adsabs.harvard.edu/abs/2016arXiv160205139G},
  adsnote = {Provided by the SAO/NASA Astrophysics Data System}
}

@article {bestvinafeighn91,
    AUTHOR = {Bestvina, Mladen and Feighn, Mark},
     TITLE = {Bounding the complexity of simplicial group actions on trees},
   JOURNAL = {Invent. Math.},
  FJOURNAL = {Inventiones Mathematicae},
    VOLUME = {103},
      YEAR = {1991},
    NUMBER = {3},
     PAGES = {449--469},
      ISSN = {0020-9910},
     CODEN = {INVMBH},
   MRCLASS = {20E08 (57M07)},
  MRNUMBER = {1091614},
MRREVIEWER = {Roger C. Alperin},
       DOI = {10.1007/BF01239522},
       URL = {http://dx.doi.org/10.1007/BF01239522},
}

@article {bestvinamess91,
    AUTHOR = {Bestvina, Mladen and Mess, Geoffrey},
     TITLE = {The boundary of negatively curved groups},
   JOURNAL = {J. Amer. Math. Soc.},
  FJOURNAL = {Journal of the American Mathematical Society},
    VOLUME = {4},
      YEAR = {1991},
    NUMBER = {3},
     PAGES = {469--481},
      ISSN = {0894-0347},
   MRCLASS = {20F32 (57M40)},
  MRNUMBER = {1096169},
MRREVIEWER = {Jerzy Dydak},
       DOI = {10.2307/2939264},
       URL = {http://dx.doi.org/10.2307/2939264},
}

@article {bierieckmann78,
    AUTHOR = {Bieri, Robert and Eckmann, Beno},
     TITLE = {Relative homology and {P}oincar\'e duality for group pairs},
   JOURNAL = {J. Pure Appl. Algebra},
  FJOURNAL = {Journal of Pure and Applied Algebra},
    VOLUME = {13},
      YEAR = {1978},
    NUMBER = {3},
     PAGES = {277--319},
      ISSN = {0022-4049},
   MRCLASS = {20J10 (57P10)},
  MRNUMBER = {509165},
MRREVIEWER = {Kenneth S. Brown},
       DOI = {10.1016/0022-4049(78)90012-9},
       URL = {http://dx.doi.org/10.1016/0022-4049(78)90012-9},
}

@article {bowditch98,
    AUTHOR = {Bowditch, Brian H.},
     TITLE = {Cut points and canonical splittings of hyperbolic groups},
   JOURNAL = {Acta Math.},
  FJOURNAL = {Acta Mathematica},
    VOLUME = {180},
      YEAR = {1998},
    NUMBER = {2},
     PAGES = {145--186},
      ISSN = {0001-5962},
     CODEN = {ACMAA8},
   MRCLASS = {20F32 (20E06 20E08 57M07)},
  MRNUMBER = {1638764},
MRREVIEWER = {Eric M. Freden},
       DOI = {10.1007/BF02392898},
       URL = {http://dx.doi.org/10.1007/BF02392898},
}

@article {bowditch99b,
    AUTHOR = {Bowditch, B. H.},
     TITLE = {Boundaries of geometrically finite groups},
   JOURNAL = {Math. Z.},
  FJOURNAL = {Mathematische Zeitschrift},
    VOLUME = {230},
      YEAR = {1999},
    NUMBER = {3},
     PAGES = {509--527},
      ISSN = {0025-5874},
     CODEN = {MAZEAX},
   MRCLASS = {20F65 (57M07)},
  MRNUMBER = {1680044},
MRREVIEWER = {Athanase Papadopoulos},
       DOI = {10.1007/PL00004703},
       URL = {http://dx.doi.org/10.1007/PL00004703},
}

@incollection {bowditch99c,
    AUTHOR = {Bowditch, B. H.},
     TITLE = {Convergence groups and configuration spaces},
 BOOKTITLE = {Geometric group theory down under ({C}anberra, 1996)},
     PAGES = {23--54},
 PUBLISHER = {de Gruyter, Berlin},
      YEAR = {1999},
   MRCLASS = {20F34 (20E08 57S30)},
  MRNUMBER = {1714838},
MRREVIEWER = {Fr{\'e}d{\'e}ric Paulin},
}

@article {bowditch01,
    AUTHOR = {Bowditch, B. H.},
     TITLE = {Peripheral splittings of groups},
   JOURNAL = {Trans. Amer. Math. Soc.},
  FJOURNAL = {Transactions of the American Mathematical Society},
    VOLUME = {353},
      YEAR = {2001},
    NUMBER = {10},
     PAGES = {4057--4082},
      ISSN = {0002-9947},
     CODEN = {TAMTAM},
   MRCLASS = {20F67 (05C25 20F65)},
  MRNUMBER = {1837220},
       DOI = {10.1090/S0002-9947-01-02835-5},
       URL = {http://dx.doi.org/10.1090/S0002-9947-01-02835-5},
}

@article {bowditch12,
    AUTHOR = {Bowditch, B. H.},
     TITLE = {Relatively hyperbolic groups},
   JOURNAL = {Internat. J. Algebra Comput.},
  FJOURNAL = {International Journal of Algebra and Computation},
    VOLUME = {22},
      YEAR = {2012},
    NUMBER = {3},
     PAGES = {1250016, 66},
      ISSN = {0218-1967},
   MRCLASS = {20F67 (20F65)},
  MRNUMBER = {2922380},
MRREVIEWER = {R{\'e}mi Bernard Coulon},
       DOI = {10.1142/S0218196712500166},
       URL = {http://dx.doi.org/10.1142/S0218196712500166},
}

@book {bridsonhaefliger99,
    AUTHOR = {Bridson, Martin R. and Haefliger, Andr{\'e}},
     TITLE = {Metric spaces of non-positive curvature},
    SERIES = {Grundlehren der Mathematischen Wissenschaften [Fundamental
              Principles of Mathematical Sciences]},
    VOLUME = {319},
 PUBLISHER = {Springer-Verlag, Berlin},
      YEAR = {1999},
     PAGES = {xxii+643},
      ISBN = {3-540-64324-9},
   MRCLASS = {53C23 (20F65 53C70 57M07)},
  MRNUMBER = {1744486},
MRREVIEWER = {Athanase Papadopoulos},
       DOI = {10.1007/978-3-662-12494-9},
       URL = {http://dx.doi.org/10.1007/978-3-662-12494-9},
}

@book {brown94,
    AUTHOR = {Brown, Kenneth S.},
     TITLE = {Cohomology of groups},
    SERIES = {Graduate Texts in Mathematics},
    VOLUME = {87},
      NOTE = {Corrected reprint of the 1982 original},
 PUBLISHER = {Springer-Verlag, New York},
      YEAR = {1994},
     PAGES = {x+306},
      ISBN = {0-387-90688-6},
   MRCLASS = {20J05 (20-02)},
  MRNUMBER = {1324339},
}

@article {dahmaniguirardel11,
    AUTHOR = {Dahmani, Fran{\c{c}}ois and Guirardel, Vincent},
     TITLE = {The isomorphism problem for all hyperbolic groups},
   JOURNAL = {Geom. Funct. Anal.},
  FJOURNAL = {Geometric and Functional Analysis},
    VOLUME = {21},
      YEAR = {2011},
    NUMBER = {2},
     PAGES = {223--300},
      ISSN = {1016-443X},
     CODEN = {GFANFB},
   MRCLASS = {20F67 (20E06 20E08 20E36 20F10 20F65 57M50)},
  MRNUMBER = {2795509},
MRREVIEWER = {Vassilis Metaftsis},
       DOI = {10.1007/s00039-011-0120-0},
       URL = {http://dx.doi.org/10.1007/s00039-011-0120-0},
}

@article {epsteinholt01,
    AUTHOR = {Epstein, David B. A. and Holt, Derek F.},
     TITLE = {Computation in word-hyperbolic groups},
   JOURNAL = {Internat. J. Algebra Comput.},
  FJOURNAL = {International Journal of Algebra and Computation},
    VOLUME = {11},
      YEAR = {2001},
    NUMBER = {4},
     PAGES = {467--487},
      ISSN = {0218-1967},
   MRCLASS = {20F67 (20F10)},
  MRNUMBER = {1850213},
MRREVIEWER = {Stephan Rosebrock},
       DOI = {10.1142/S0218196701000619},
       URL = {http://dx.doi.org/10.1142/S0218196701000619},
}

@article {grovesmanning08,
    AUTHOR = {Groves, Daniel and Manning, Jason Fox},
     TITLE = {Dehn filling in relatively hyperbolic groups},
   JOURNAL = {Israel J. Math.},
  FJOURNAL = {Israel Journal of Mathematics},
    VOLUME = {168},
      YEAR = {2008},
     PAGES = {317--429},
      ISSN = {0021-2172},
     CODEN = {ISJMAP},
   MRCLASS = {57M50},
  MRNUMBER = {2448064},
MRREVIEWER = {Colin C. Adams},
       DOI = {10.1007/s11856-008-1070-6},
       URL = {http://dx.doi.org/10.1007/s11856-008-1070-6},
}

@book {serre77,
    AUTHOR = {Serre, Jean-Pierre},
     TITLE = {Arbres, amalgames, {${\rm SL}\sb{2}$}},
      NOTE = {Avec un sommaire anglais,
              R{\'e}dig{\'e} avec la collaboration de Hyman Bass,
              Ast{\'e}risque, No. 46},
 PUBLISHER = {Soci\'et\'e Math\'ematique de France, Paris},
      YEAR = {1977},
     PAGES = {189 pp. (1 plate)},
   MRCLASS = {20H10 (22E40)},
  MRNUMBER = {0476875},
MRREVIEWER = {E. Vinberg},
}

@article {stallings68,
    AUTHOR = {Stallings, John R.},
     TITLE = {On torsion-free groups with infinitely many ends},
   JOURNAL = {Ann. of Math. (2)},
  FJOURNAL = {Annals of Mathematics. Second Series},
    VOLUME = {88},
      YEAR = {1968},
     PAGES = {312--334},
      ISSN = {0003-486X},
   MRCLASS = {20.10},
  MRNUMBER = {0228573},
MRREVIEWER = {L. Neuwirth},
}

@article {swarup96,
    AUTHOR = {Swarup, G. A.},
     TITLE = {On the cut point conjecture},
   JOURNAL = {Electron. Res. Announc. Amer. Math. Soc.},
  FJOURNAL = {Electronic Research Announcements of the American Mathematical
              Society},
    VOLUME = {2},
      YEAR = {1996},
    NUMBER = {2},
     PAGES = {98--100 (electronic)},
      ISSN = {1079-6762},
   MRCLASS = {20F32 (20J05 57M07)},
  MRNUMBER = {1412948},
MRREVIEWER = {Athanase Papadopoulos},
       DOI = {10.1090/S1079-6762-96-00013-3},
       URL = {http://dx.doi.org/10.1090/S1079-6762-96-00013-3},
}

@book {wilder49,
    AUTHOR = {Wilder, Raymond Louis},
     TITLE = {Topology of {M}anifolds},
    SERIES = {American Mathematical Society Colloquium Publications, vol.
              32},
 PUBLISHER = {American Mathematical Society, New York, N. Y.},
      YEAR = {1949},
     PAGES = {ix+402},
   MRCLASS = {56.0X},
  MRNUMBER = {0029491},
MRREVIEWER = {E. G. Begle},
}


@article {bowditch99a,
    AUTHOR = {Bowditch, B. H.},
     TITLE = {Connectedness properties of limit sets},
   JOURNAL = {Trans. Amer. Math. Soc.},
  FJOURNAL = {Transactions of the American Mathematical Society},
    VOLUME = {351},
      YEAR = {1999},
    NUMBER = {9},
     PAGES = {3673--3686},
      ISSN = {0002-9947},
     CODEN = {TAMTAM},
   MRCLASS = {20F65 (20E08 54F15)},
  MRNUMBER = {1624089},
MRREVIEWER = {Fr{\'e}d{\'e}ric Paulin},
       DOI = {10.1090/S0002-9947-99-02388-0},
       URL = {http://dx.doi.org/10.1090/S0002-9947-99-02388-0},
}

@article {manning15,
   author = {{Fox Manning}, J.},
    title = "{The Bowditch boundary of $(G,\mathcal{H})$ when $G$ is hyperbolic}",
  journal = {ArXiv e-prints},
archivePrefix = "arXiv",
   eprint = {1504.03630},
 primaryClass = "math.GR",
 keywords = {Mathematics - Group Theory},
     year = 2015,
    month = apr,
   adsurl = {http://adsabs.harvard.edu/abs/2015arXiv150403630F},
  adsnote = {Provided by the SAO/NASA Astrophysics Data System}
}

@article {buckleyholt13,
    AUTHOR = {Buckley, D. J. and Holt, Derek F.},
     TITLE = {The conjugacy problem in hyperbolic groups for finite lists of
               group elements},
   JOURNAL = {Internat. J. Algebra Comput.},
  FJOURNAL = {International Journal of Algebra and Computation},
    VOLUME = {23},
      YEAR = {2013},
    NUMBER = {5},
     PAGES = {1127--1150},
      ISSN = {0218-1967},
   MRCLASS = {20F67 (20F10)},
  MRNUMBER = {3096315},
MRREVIEWER = {Richard Weidmann},
       DOI = {10.1142/S0218196713500203},
       URL = {http://dx.doi.org/10.1142/S0218196713500203},
}

@incollection {kapovich96,
    AUTHOR = {Kapovich, Ilya},
     TITLE = {Detecting quasiconvexity: algorithmic aspects},
 BOOKTITLE = {Geometric and computational perspectives on infinite groups
               ({M}inneapolis, {MN} and {N}ew {B}runswick, {NJ}, 1994)},
    SERIES = {DIMACS Ser. Discrete Math. Theoret. Comput. Sci.},
    VOLUME = {25},
     PAGES = {91--99},
 PUBLISHER = {Amer. Math. Soc., Providence, RI},
      YEAR = {1996},
   MRCLASS = {20F10 (20F32)},
  MRNUMBER = {1364182},
MRREVIEWER = {Lawrence Reeves},
}

@incollection {millerneumannswarup99,
    AUTHOR = {Miller, III, C. F. and Neumann, Walter D. and Swarup, G. A.},
     TITLE = {Some examples of hyperbolic groups},
 BOOKTITLE = {Geometric group theory down under ({C}anberra, 1996)},
     PAGES = {195--202},
 PUBLISHER = {de Gruyter, Berlin},
      YEAR = {1999},
   MRCLASS = {20F67},
  MRNUMBER = {1714846},
MRREVIEWER = {Panos Papasoglu},
}

@article {ripssela94,
    AUTHOR = {Rips, E. and Sela, Z.},
     TITLE = {Structure and rigidity in hyperbolic groups. {I}},
   JOURNAL = {Geom. Funct. Anal.},
  FJOURNAL = {Geometric and Functional Analysis},
    VOLUME = {4},
      YEAR = {1994},
    NUMBER = {3},
     PAGES = {337--371},
      ISSN = {1016-443X},
     CODEN = {GFANFB},
   MRCLASS = {20F32 (20E08 57M07)},
  MRNUMBER = {1274119},
       DOI = {10.1007/BF01896245},
       URL = {http://dx.doi.org/10.1007/BF01896245},
}

@article {ripssela97,
    AUTHOR = {Rips, E. and Sela, Z.},
     TITLE = {Cyclic splittings of finitely presented groups and the
              canonical {JSJ} decomposition},
   JOURNAL = {Ann. of Math. (2)},
  FJOURNAL = {Annals of Mathematics. Second Series},
    VOLUME = {146},
      YEAR = {1997},
    NUMBER = {1},
     PAGES = {53--109},
      ISSN = {0003-486X},
     CODEN = {ANMAAH},
   MRCLASS = {20F32 (20E06 20F34 57M05 57M07)},
  MRNUMBER = {1469317},
MRREVIEWER = {Thomas Delzant},
       DOI = {10.2307/2951832},
       URL = {http://dx.doi.org/10.2307/2951832},
}

@article {sela97,
    AUTHOR = {Sela, Z.},
     TITLE = {Structure and rigidity in ({G}romov) hyperbolic groups and
              discrete groups in rank {$1$} {L}ie groups. {II}},
   JOURNAL = {Geom. Funct. Anal.},
  FJOURNAL = {Geometric and Functional Analysis},
    VOLUME = {7},
      YEAR = {1997},
    NUMBER = {3},
     PAGES = {561--593},
      ISSN = {1016-443X},
     CODEN = {GFANFB},
   MRCLASS = {20F32 (20E08 57M07)},
  MRNUMBER = {1466338},
MRREVIEWER = {Nadia Benakli},
       DOI = {10.1007/s000390050019},
       URL = {http://dx.doi.org/10.1007/s000390050019},
}

@incollection {millerneumannswarup96,
    AUTHOR = {Miller, III, C. F. and Neumann, Walter D. and Swarup, G. A.},
     TITLE = {Some examples of hyperbolic groups},
 BOOKTITLE = {Geometric group theory down under ({C}anberra, 1996)},
     PAGES = {195--202},
 PUBLISHER = {de Gruyter, Berlin},
      YEAR = {1999},
   MRCLASS = {20F67},
  MRNUMBER = {1714846},
MRREVIEWER = {Panos Papasoglu},
}

@incollection {jacoshalen79,
    AUTHOR = {Jaco, William and Shalen, Peter B.},
     TITLE = {Seifert fibered spaces in {$3$}-manifolds},
 BOOKTITLE = {Geometric topology ({P}roc. {G}eorgia {T}opology {C}onf.,
              {A}thens, {G}a., 1977)},
     PAGES = {91--99},
 PUBLISHER = {Academic Press, New York-London},
      YEAR = {1979},
   MRCLASS = {57N10},
  MRNUMBER = {537728},
MRREVIEWER = {Hugh M. Hilden},
}

@book {johannson79,
    AUTHOR = {Johannson, Klaus},
     TITLE = {Homotopy equivalences of {$3$}-manifolds with boundaries},
    SERIES = {Lecture Notes in Mathematics},
    VOLUME = {761},
 PUBLISHER = {Springer, Berlin},
      YEAR = {1979},
     PAGES = {ii+303},
      ISBN = {3-540-09714-7},
   MRCLASS = {57N10},
  MRNUMBER = {551744},
MRREVIEWER = {John Hempel},
}

@article {fujiwarapapsoglu06,
    AUTHOR = {Fujiwara, K. and Papasoglu, P.},
     TITLE = {J{SJ}-decompositions of finitely presented groups and
              complexes of groups},
   JOURNAL = {Geom. Funct. Anal.},
  FJOURNAL = {Geometric and Functional Analysis},
    VOLUME = {16},
      YEAR = {2006},
    NUMBER = {1},
     PAGES = {70--125},
      ISSN = {1016-443X},
     CODEN = {GFANFB},
   MRCLASS = {20F65 (20E08 57M07)},
  MRNUMBER = {2221253},
MRREVIEWER = {Matt T. Clay},
       DOI = {10.1007/s00039-006-0550-2},
       URL = {http://dx.doi.org/10.1007/s00039-006-0550-2},
}

@article {dunwoodysageev99,
    AUTHOR = {Dunwoody, M. J. and Sageev, M. E.},
     TITLE = {J{SJ}-splittings for finitely presented groups over slender
              groups},
   JOURNAL = {Invent. Math.},
  FJOURNAL = {Inventiones Mathematicae},
    VOLUME = {135},
      YEAR = {1999},
    NUMBER = {1},
     PAGES = {25--44},
      ISSN = {0020-9910},
     CODEN = {INVMBH},
   MRCLASS = {20F65 (20E06 20E08 57M05 57M07 57N10)},
  MRNUMBER = {1664694},
MRREVIEWER = {Thomas Delzant},
       DOI = {10.1007/s002220050278},
       URL = {http://dx.doi.org/10.1007/s002220050278},
}

@incollection {paulin91,
    AUTHOR = {Paulin, Fr{\'e}d{\'e}ric},
     TITLE = {Outer automorphisms of hyperbolic groups and small actions on
              {${\bf R}$}-trees},
 BOOKTITLE = {Arboreal group theory ({B}erkeley, {CA}, 1988)},
    SERIES = {Math. Sci. Res. Inst. Publ.},
    VOLUME = {19},
     PAGES = {331--343},
 PUBLISHER = {Springer, New York},
      YEAR = {1991},
   MRCLASS = {57M07 (20E08 20F28)},
  MRNUMBER = {1105339},
MRREVIEWER = {Alain Valette},
       DOI = {10.1007/978-1-4612-3142-4_12},
       URL = {http://dx.doi.org/10.1007/978-1-4612-3142-4_12},
}

@article {levitt05,
    AUTHOR = {Levitt, Gilbert},
     TITLE = {Automorphisms of hyperbolic groups and graphs of groups},
   JOURNAL = {Geom. Dedicata},
  FJOURNAL = {Geometriae Dedicata},
    VOLUME = {114},
      YEAR = {2005},
     PAGES = {49--70},
      ISSN = {0046-5755},
     CODEN = {GEMDAT},
   MRCLASS = {20F28 (20F67)},
  MRNUMBER = {2174093},
MRREVIEWER = {Oleg Bogopol{\cprime}ski{\u\i}},
       DOI = {10.1007/s10711-004-1492-1},
       URL = {http://dx.doi.org/10.1007/s10711-004-1492-1},
}

@article {touikan09,
   author = {{Touikan}, N.~W.~M.},
    title = "{Detecting geometric splittings in finitely presented groups}",
  journal = {ArXiv e-prints},
archivePrefix = "arXiv",
   eprint = {0906.3902},
 primaryClass = "math.GR",
 keywords = {Mathematics - Group Theory, Mathematics - Geometric Topology, 20F10, 20F65},
     year = 2009,
    month = jun,
   adsurl = {http://adsabs.harvard.edu/abs/2009arXiv0906.3902T},
  adsnote = {Provided by the SAO/NASA Astrophysics Data System}
}

@article {dahmanitouikan13,
   author = {{Dahmani}, F. and {Touikan}, N.},
    title = "{Isomorphisms using Dehn fillings: the splitting case}",
  journal = {ArXiv e-prints},
archivePrefix = "arXiv",
   eprint = {1311.3937},
 primaryClass = "math.GR",
 keywords = {Mathematics - Group Theory, Mathematics - Geometric Topology, 20F10, 20F65},
     year = 2013,
    month = nov,
   adsurl = {http://adsabs.harvard.edu/abs/2013arXiv1311.3937D},
  adsnote = {Provided by the SAO/NASA Astrophysics Data System}
}

@article {groff13,
    AUTHOR = {Groff, Bradley W.},
     TITLE = {Quasi-isometries, boundaries and {JSJ}-decompositions of
              relatively hyperbolic groups},
   JOURNAL = {J. Topol. Anal.},
  FJOURNAL = {Journal of Topology and Analysis},
    VOLUME = {5},
      YEAR = {2013},
    NUMBER = {4},
     PAGES = {451--475},
      ISSN = {1793-5253},
   MRCLASS = {57M50 (20F67)},
  MRNUMBER = {3152211},
MRREVIEWER = {Mark F. Hagen},
}
		
